%Manual
@Manual{abntex,
title         = {Classe LaTeX e estilo bibliográfico compatíveis com as normas da ABNT},
organization  = {abnTeX},
year          = {2019},
url           = {https://www.abntex.net.br/},
urlaccessdate = {01 jul. 2019}
}

%Artigo on-line
@Article{costa2009,
author        = {R. Costa},
title         = {Por que inventaram o dinheiro?},
journal       = {nova escola},
year          = {2009},
month         = {set.},
url           = {https://novaescola.org.br/conteudo/2273/por-que-inventaram-o-dinheiro},
urlaccessdate = {15 set. 2018}
}

%Livro
@Book{masterBit,
author        = {Andreas M. Antonopoulos},
title         = {Mastering Bitcoin},
subtitle      = {Programming the Open Blockchain},
publisher     = {O'Reilly Media},
year          = {2017},
edition       = {2},
month         = {jul.},
url           = {https://github.com/bitcoinbook},
urlaccessdate = {29 nov. 2018}
}

%Manual
@Manual{bitcoinDev,
title         = {Bitcoin Developer Documentation},
organization  = {Bitcoin.org},
year          = {2019},
url           = {https://bitcoin.org/en/developer-documentation},
urlaccessdate = {16 set. 2018}
}

@Manual{bitcoinRef,
title         = {Bitcoin Developer Reference},
organization  = {Bitcoin.org},
year          = {2019},
url           = {https://bitcoin.org/en/developer-reference},
urlaccessdate = {24 fev. 2019}
}

%Dicionário
@Book{pribeream2013,
organization  = {Pribeream},
title         = {Dinheiro},
year          = {2008-2013},
url           = {https://www.priberam.pt/dlpo/Dinheiro},
urlaccessdate = {15 set. 2018}
}

%Glossário
@Book{bitcoinGloss,
title         = {Bitcoin Developer Glossary},
organization  = {Bitcoin.org},
year          = {2019},
url           = {https://bitcoin.org/en/developer-glossary},
urlaccessdate = {24 fev. 2019}
}

%Enciclopédia
@Book{britannica2018,
organization  = {ENCYCLOPAEDIA BRITANNICA},
title         = {Gold Standard},
month         = {out.},
year          = {2018},
publisher     = {Encyclopædia Britannica, inc},
url           = {https://www.britannica.com/topic/gold-standard},
urlaccessdate = {16 set. 2018}
}

%APUD e 2 autores usam o hidden
@Book{evMoeda,
author        = {Yolanda Vieira de Abreu and Sanay Bertelle Coelho},
title         = {EVOLUÇÃO HISTÓRICA DA MOEDA},
subtitle      = {Estudo de caso: BRASIL (1889 – 1989)},
publisher     = {Universidade de Málaga},
year          = {2009},
edition       = {2009},
url           = {http://www.eumed.net/libros-gratis/2009a/477/index.htm},
urlaccessdate = {26 mai. 2019}
}
@Hidden{ratti2001comercio,
title   = {Com{\'e}rcio Internacional e C{\^a}mbio. 10{\textordfeminine} edi{\c{c}}{\~a}o},
author  = {RATTI, Bruno},
journal = {S{\~a}o Paulo: Edi{\c{c}}{\~o}es Aduaneiras},
year    = {2001}
}

@Article{nogueira2018,
author        = {M. Nogueira},
title         = {História do Comércio},
journal       = {estudo prático},
year          = {2018},
url           = {https://www.estudopratico.com.br/historia-do-comercio/},
urlaccessdate ={15 set. 2018}
}

@Article{rothbard1995,
author        = {M. ROTHBARD},
title         = {Fractional Reserve Banking},
journal       = {FEE - Foundation for Economic Education},
year          = {1995},
month         = {out.},
url           = {https://fee.org/articles/fractional-reserve-banking-part-ii/},
urlaccessdate = {16 set. 2018}
}

@Article{economias2019,
editor        = {economias},
title         = {Inflação e deflação: definição e diferenças},
journal       = {economias},
year          = {2013-2019},
url           = {https://www.economias.pt/inflacao-%deflacao/},
urlaccessdate ={16 set. 2018}
}

@Article{pokrandt2018,
author        = {H. Pokrandt},
title         = {Americans Can't Understand The Value Of Decentralized Currency, But Many Other Countries Can},
journal       = {Forbes},
year          = {2018},
month         = {jul.},
url           = {https://www.forbes.com/sites/forbestechcouncil/2018/07/20/americans-cant-%understand-the-value-of-decentralized-currency-but-many-other-countries-can/#6b24f9fe637f},
urlaccessdate = {16 set. 2018}
}

@Article{rouse2018,
author        = {Margaret Rouse},
title         = {asymmetric cryptography (public key cryptography)},
journal       = {SearchSecurity},
year          = {2016},
month         = {jun.},
url           = {https://searchsecurity.techtarget.com/definition/asymmetric-cryptography},
urlaccessdate = {29 nov. 2018}
}

@Article{wagner2015,
author        = {Wagner and others},
title         = {Introdução à linguagem C{\#} e ao .NET Framework},
year          = {2015},
month         = {jul.},
url           ={https://docs.microsoft.com/pt-br/dotnet/csharp/getting-started/introduction-to-the-csharp-language-and-the-net-framework},
urlaccessdate = {29 nov. 2018}
}

@Book{progblockC,
author        = {Nicolas Dorier},
title         = {Programming The Blockchain in C{\#}},
year          = {2018},
edition       = {2},
url           = {https://programmingblockchain.gitbook.io/programmingblockchain},
urlaccessdate = {29 nov. 2018}
}

@Article{techoAPI2018,
organization  = {techopedia},
title         = {Application Programming Interface (API)},
year          = {2018},
url           = {https://www.techopedia.com/definition/24407/application-programming-interface-api},
urlaccessdate = {17 mar. 2019}
}

@Article{lastcAPIS,
organization  = {LastCall},
title         = {The Top 13 Bitcoin, Blockchain \& Cryptocurrency APIs},
year          = {2018},
month         = {out.},
url           = {https://blog.rapidapi.com/bitcoin-blockchain-cryptocurrency-apis/},
urlaccessdate = {17 mar. 2019}
}

@Manual{qbitNinja,
title         = {QBit Ninja},
author        = {Nicolas Dorier},
year          = {2017},
url           = {https://qbitninja.docs.apiary.io/#},
urlaccessdate = {17 mar. 2019}
}

@Article{heHenry2018,
author        = {Henry He},
title         = {NBitcoin},
subtitle      = {Introduction To NBitcoin},
journal       = {C{\#}Corner},
year          = {2018},
month         = {aug.},
url           = {https://www.c-sharpcorner.com/article/introduction-to-nbitcoin/},
urlaccessdate = {31 mar. 2019}
}

@Book{katz1996handbook,
title     = {Handbook of applied cryptography},
author    = {Katz, Jonathan and Menezes, Alfred J and Van Oorschot, Paul C and Vanstone, Scott A},
year      = {1996},
publisher = {CRC press}
}

@Book{swan2015blockchain,
title     = {Blockchain: Blueprint for a new economy},
author    = {Swan, Melanie},
year      = {2015},
publisher = {" O'Reilly Media, Inc."}
}

@Article{dickson2013xamarin,
title  = {Xamarin Mobile Development},
author = {Dickson, Jared},
year   = {2013}
}

@Book{schildt2010c,
title     = {C\# 4.0: The complete reference},
author    = {Schildt, Herbert},
year      = {2010},
publisher = {Tata McGraw-Hill Education}
}

@Manual{xamarinDocs,
title         = {Documentação do Xamarin},
organization  = {Microsoft},
year          = {2019},
url           = {https://docs.microsoft.com/en-us/xamarin/xamarin-forms},
urlaccessdate = {26 mai. 2019}
}

@Article{nBitcoin,
author        = {Nicolas Dorier},
title         = {NBitcoin},
journal       = {GitHub},
year          = {2019},
month         = {mai.},
url           = {https://github.com/MetacoSA/NBitcoin},
urlaccessdate = {26 mai. 2019}
}

@Article{kaiSed,
author        = {Kai Sedgwick},
title         = {How to Use Multisig to Keep Your Coins Ultra-Safe},
journal       = {Bitcoin.com},
year          = {2019},
month         = {mar.},
url           = {https://news.bitcoin.com/how-to-use-multisig-to-keep-your-coins-ultra-safe/},
urlaccessdate = {28 mai. 2019}
}

@Manual{electrumDocs,
title         = {Multisig Wallets},
organization  = {Electrum Docs},
year          = {2019},
url           = {https://electrum.readthedocs.io/en/latest/multisig.html},
urlaccessdate = {28 mai. 2019}
}

@Article{casaBlog,
author        = {Jeremy Welch},
title         = {Casa is Sovereignty-as-a-Service.},
journal       = {Casablog},
year          = {2019},
month         = {fev.},
url           = {https://blog.keys.casa/casa-is-sovereignty-as-a-service/},
urlaccessdate = {28 mai. 2019}
}

@Manual{carbonWallet,
title         = {Multi Signature Online Cryptocurrency Wallet},
organization  = {carbomwallet.com},
year          = {2019},
url           = {https://carbonwallet.com},
urlaccessdate = {28 mai. 2019}
}

@Book{hayek2008free,
title     = {A Free Market Monetary System},
author    = {Friedrich August Hayek},
year      = {2008},
publisher = {Ludwig von Mises Institute}
}

@Book{btcMarktCap,
organization  = {CoinMarketCap.},
title         = {Bitcoin (BTC)},
year          = {20019},
url           = {https://coinmarketcap.com/pt-br/currencies/bitcoin/},
urlaccessdate = {30 mai. 2019}
}

%APUD e et al!
@Article{btcBub,
author        = {Eng-Tuck Cheah and John Fry},
title         = {Speculative bubbles in Bitcoin markets?},
subtitle      = {An empirical investigation into the fundamental value of Bitcoin},
journal       = {Economics Letters},
year          = {2015},
url           = {http://dx.doi.org/10.1016/j.econlet.2015.02.029},
urlaccessdate = {03 jun. 2019}
}
@Hidden{irratBub,
title   = {Irrational behaviour during the South Sea bubble},
author  = {RICHARD S. DALE and others},
journal = {Economic History Review},
year    = {2005}
}

@Manual{bitRated,
title         = {BITCOIN TRUST PLATFORM},
organization  = {Bitrated},
year          = {2019},
url           = {https://www.bitrated.com/},
urlaccessdate = {04 jun. 2019}
}

@Book{fidBond,
organization  = {Bitcoin Wiki},
title         = {Fidelity bonds},
month         = {jan.},
year          = {2018},
publisher     = {Bitcoin Wiki},
url           = {https://en.bitcoin.it/wiki/Fidelity_bonds},
urlaccessdate = {04 jun. 2019}
}

@Article{diffie1976new,
title     = {New directions in cryptography},
author    = {Diffie, Whitfield and Hellman, Martin},
journal   = {IEEE transactions on Information Theory},
volume    = {22},
number    = {6},
pages     = {644--654},
year      = {1976},
publisher = {IEEE}
}

@Manual{asyncMicro,
title         = {The Task asynchronous programming model in C\#},
organization  = {Microsoft},
year          = {2019},
url           = {https://docs.microsoft.com/pt-br/dotnet/csharp/programming-guide/concepts/async/},
urlaccessdate = {05 jun. 2019}
}

@Manual{lambdaMicro,
title         = {Lambda expressions},
organization  = {Microsoft},
year          = {2019},
url           = {https://docs.microsoft.com/pt-br/dotnet/csharp/programming-guide/statements-expressions-operators/lambda-expressions},
urlaccessdate = {05 jun. 2019}
}

@Manual{linqMicro,
title         = {Language Integrated Query (LINQ)},
organization  = {Microsoft},
year          = {2019},
url           = {https://docs.microsoft.com/en-us/dotnet/csharp/programming-guide/concepts/linq/},
urlaccessdate = {05 jun. 2019}
}

@Article{thaAug,
author        = {Thaís Augusto},
title         = {Microsoft lança Visual Studio 2019 para Windows e Mac},
journal       = {Canaltech},
year          = {2019},
month         = {jun.},
url           = {https://canaltech.com.br/software/microsoft-lanca-visual-studio-2019-para-windows-e-mac-136237/},
urlaccessdate = {05 jun. 2019}
}

@Manual{micTerms,
title         = {TERMOS DE LICENÇA PARA SOFTWARE MICROSOFT},
organization  = {MICROSOFT},
year          = {2019},
url           = {https://visualstudio.microsoft.com/pt-br/license-terms/mlt031819/},
urlaccessdate = {09 jun. 2019}
}

@Manual{bibReadme,
title         = {Bitcoin Improvement Proposals Readme},
organization  = {Bitcoin.org},
year          = {2019},
url           = {https://github.com/bitcoin/bips},
urlaccessdate = {09 jun. 2019}
}

@Article{verGe,
author        = {Gerald Versluis},
title         = {Using MVVM in your Xamarin.Forms app},
journal       = {dotnetcurry.com},
year          = {2017},
month         = {ago.},
url           = {https://www.dotnetcurry.com/xamarin/1382/mvvm-in-xamarin-forms},
urlaccessdate = {09 jun. 2019}
}